<record><leader>00000cas a22000007a 4500</leader><controlfield tag="001">17420096</controlfield><controlfield tag="008">880202d184918uuohuwr ne      0    0eng d</controlfield><datafield ind1=" " ind2=" " tag="010"><subfield code="a">sn 88077113 </subfield></datafield><datafield ind1=" " ind2=" " tag="040"><subfield code="a">ONP</subfield><subfield code="b">eng</subfield><subfield code="c">ONP</subfield><subfield code="d">OCLCQ</subfield><subfield code="d">FUG</subfield><subfield code="d">OCLCO</subfield><subfield code="d">OCLCF</subfield></datafield><datafield ind1=" " ind2=" " tag="042"><subfield code="a">msc</subfield></datafield><datafield ind1="0" ind2="0" tag="245"><subfield code="a">Piqua dollar weekly register.</subfield></datafield><datafield ind1=" " ind2=" " tag="260"><subfield code="a">Piqua, Miami County, Ohio :</subfield><subfield code="b">John W. DeFrees</subfield></datafield><datafield ind1=" " ind2=" " tag="310"><subfield code="a">Weekly</subfield></datafield><datafield ind1="1" ind2=" " tag="362"><subfield code="a">Began in 1849.</subfield></datafield><datafield ind1=" " ind2=" " tag="580"><subfield code="a">Semiweekly edition: Piqua register (Piqua, Ohio : 1847).</subfield></datafield><datafield ind1=" " ind2=" " tag="588"><subfield code="a">Description based on: New ser. v. 2, no. 6 (Jan. 5, 1850).</subfield></datafield><datafield ind1=" " ind2="0" tag="651"><subfield code="a">Piqua (Miami County, Ohio)</subfield><subfield code="v">Newspapers.</subfield></datafield><datafield ind1=" " ind2="7" tag="655"><subfield code="a">Newspapers.</subfield><subfield code="2">fast</subfield><subfield code="0">(OCoLC)fst01423814</subfield></datafield><datafield ind1=" " ind2="7" tag="651"><subfield code="a">Ohio</subfield><subfield code="z">Piqua (Miami County)</subfield><subfield code="2">fast</subfield><subfield code="0">(OCoLC)fst01313977</subfield></datafield><datafield ind1=" " ind2=" " tag="752"><subfield code="a">United States</subfield><subfield code="b">Ohio</subfield><subfield code="c">Miami</subfield><subfield code="d">Piqua.</subfield></datafield><datafield ind1="1" ind2=" " tag="775"><subfield code="t">Piqua register (Piqua, Ohio : 1847)</subfield><subfield code="w">(DLC)sn 88077115</subfield></datafield><datafield ind1="0" ind2="0" tag="780"><subfield code="t">Piqua register (Piqua, Ohio : 1843)</subfield><subfield code="w">(DLC)sn 88077112</subfield></datafield><datafield ind1="0" ind2="0" tag="785"><subfield code="t">Piqua weekly register</subfield><subfield code="w">(DLC)sn 85026198</subfield></datafield></record>